@webpage{ackerman_koziol_2019,
  title     = {In the air with \uppercase{Z}ipline's medical delivery drones},
  url       = {https://spectrum.ieee.org/robotics/drones/in-the-air-with-ziplines-medical-delivery-drones},
  publisher = {IEEE Spectrum},
  author    = {Ackerman, Evan and Koziol, Michael},
  year      = {2019},
  month     = {Apr}
}

@article{ackerman2018medical,
  title     = {Medical delivery drones take flight in \uppercase{E}ast \uppercase{A}frica},
  author    = {Ackerman, Evan and Strickland, Eliza},
  journal   = {IEEE Spectrum},
  volume    = {55},
  number    = {1},
  pages     = {34--35},
  year      = {2018},
  publisher = {IEEE}
}

@article{alberti2010reactive,
  title     = {Reactive vaccination as an effective tool for measles outbreak control in measles mortality reduction settings},
  author    = {Alberti, Kathryn P and King, Lisa A and Burny, Marie-Eve and Ilunga, Benoit Kebela and Grais, Rebecca F},
  journal   = {International \uppercase{H}ealth},
  volume    = {2},
  number    = {1},
  pages     = {65--68},
  year      = {2010},
  publisher = {Royal \uppercase{S}ociety of \uppercase{T}ropical \uppercase{M}edicine and \uppercase{H}ygiene}
}

@article{allen1990mathematical,
  title     = {A mathematical analysis and simulation of a localized measles epidemic},
  author    = {Allen, Linda and Lewis, Truman and Martin, Clyde F and Stamp, Mark},
  journal   = {Applied \uppercase{M}athematics and \uppercase{C}omputation},
  volume    = {39},
  number    = {1},
  pages     = {61--77},
  year      = {1990},
  publisher = {Elsevier}
}

@webpage{ansah_2018,
  title      = {Parliament approves deal for delivery of medical supplies via drones},
  url        = {https://citinewsroom.com/2018/12/11/parliament-approves-deal-for-delivery-of-medical-supplies-via-drones/},
  journal    = {Citi Newsroom},
  author     = {Ansah, Marian},
  year       = {2018},
  month      = {Dec},
  yearcited  = {2019},
  monthcited = {July},
  daycited   = {27}
}

@article{aral1996overview,
  title     = {Overview: individual and population approaches to the epidemiology and prevention of sexually transmitted diseases and human immunodeficiency virus infection},
  author    = {Aral, Sevgi O and Holmes, King K and Padian, Nancy S and Cates, Willard},
  journal   = {The Journal of infectious diseases},
  pages     = {S127--S133},
  year      = {1996},
  publisher = {JSTOR}
}

@article{arribas2014validity,
  title     = {The validity of the monocentric city model in a polycentric age: US metropolitan areas in 1990, 2000 and 2010},
  author    = {Arribas-Bel, Daniel and Sanz-Gracia, Fernando},
  journal   = {Urban Geography},
  volume    = {35},
  number    = {7},
  pages     = {980--997},
  year      = {2014},
  publisher = {Taylor \& Francis}
}

@webpage{avis_2002,
  title   = {Branch and bound for knapsack problem},
  url     = {http://cgm.cs.mcgill.ca/~avis/courses/360/notes/knap_bb.pdf},
  journal = {McGill University School of Computer Science},
  author  = {Avis, David},
  year    = {2002},
  month   = {Aug}
}

@article{aylward1997impact,
  title   = {The impact of immunization control activities on measles outbreaks in middle and low income countries},
  author  = {Aylward, R Bruce and Clements, John and Olive, Jean-Marc},
  journal = {International journal of epidemiology},
  volume  = {26},
  number  = {3},
  pages   = {662--669},
  year    = {1997}
}

@article{balcik2008last,
  title     = {Last mile distribution in humanitarian relief},
  author    = {Balcik, Burcu and Beamon, Benita M and Smilowitz, Karen},
  journal   = {Journal of Intelligent Transportation Systems},
  volume    = {12},
  number    = {2},
  pages     = {51--63},
  year      = {2008},
  publisher = {Taylor \& Francis}
}

@article{bansal2007individual,
  title     = {When individual behaviour matters: homogeneous and network models in epidemiology},
  author    = {Bansal, Shweta and Grenfell, Bryan T and Meyers, Lauren Ancel},
  journal   = {Journal of the Royal Society Interface},
  volume    = {4},
  number    = {16},
  pages     = {879--891},
  year      = {2007},
  publisher = {The Royal Society London}
}

@webpage{beresnev_2018,
  title      = {The \uppercase{P}-median \uppercase{P}roblem},
  url        = {http://www.math.nsc.ru/AP/benchmarks/P-median/p-med_eng.html},
  publisher  = {Sobolev Institute of Mathematics},
  author     = {Beresnev, Vladimir and Kochetov, Yuri and Pashchenko, Mihail and Kononov, Alexander and Goncharov, Eugeni and Plyasunov, Alexander and Kochetova, Nina and Alekseeva, Ekaterina and Dmitry, Ivanenko},
  year       = {2018},
  month      = {Nov},
  yearcited  = {2019},
  monthcited = {April},
  daycited   = {27}
}

@webpage{beresnev_2018_CFLP,
  title      = {The \uppercase{C}apacitated \uppercase{F}acility \uppercase{L}ocation \uppercase{P}roblem},
  url        = {http://www.math.nsc.ru/AP/benchmarks/CFLP/cflp-eng.html},
  publisher  = {Sobolev Institute of Mathematics},
  author     = {Beresnev, Vladimir and Kochetov, Yuri and Pashchenko, Mihail and Kononov, Alexander and Goncharov, Eugeni and Plyasunov, Alexander and Kochetova, Nina and Alekseeva, Ekaterina and Dmitry, Ivanenko},
  year       = {2018},
  month      = {Nov},
  yearcited  = {2019},
  monthcited = {April},
  daycited   = {28}
}

@article{branas2000trauma,
  title     = {A trauma resource allocation model for ambulances and hospitals.},
  author    = {Branas, Charles C and MacKenzie, Ellen J and ReVelle, Charles S},
  journal   = {Health Services Research},
  volume    = {35},
  number    = {2},
  pages     = {489},
  year      = {2000},
  publisher = {Health Research \& Educational Trust}
}

@article{buyuktahtakin2018new,
  title     = {A new epidemics--logistics model: \uppercase{I}nsights into controlling the \uppercase{E}bola virus disease in \uppercase{W}est \uppercase{A}frica},
  author    = {B{\"u}y{\"u}ktahtakin, Esra and des-Bordes, Emmanuel and K{\i}b{\i}{\c{s}}, Eyyub Y},
  journal   = {European Journal of Operational Research},
  volume    = {265},
  number    = {3},
  pages     = {1046--1063},
  year      = {2018},
  publisher = {Elsevier}
}

@webpage{cdc_2018,
  title      = {Transmission of \uppercase{M}easles},
  url        = {https://www.cdc.gov/measles/about/transmission.html},
  journal    = {Centers for Disease Control and Prevention},
  publisher  = {Centers for Disease Control and Prevention},
  author     = {{Centers for Disease Control and Prevention}},
  year       = {2018},
  month      = {Feb},
  yearcited  = {2019},
  monthcited = {April},
  daycited   = {15}
}


@webpage{cdc_pinkbook_2018,
  title  = {Measles},
  url    = {https://www.cdc.gov/vaccines/pubs/pinkbook/meas.html},
  author = {{Centers For Disease Control And Prevention}},
  year   = {2018},
  month  = {May}
}

@webpage{chen_chang_jou_liao_2007,
  title      = {Modelling vaccination programmes against measles in \uppercase{T}aiwan},
  url        = {https://www.ncbi.nlm.nih.gov/pmc/articles/PMC2870623/#sec006title},
  journal    = {Epidemiology and infection},
  publisher  = {Cambridge University Press},
  author     = {Chen, S C and Chang, C F and Jou, L J and Liao, C M},
  year       = {2007},
  month      = {Jul},
  yearcited  = {2019},
  monthcited = {June},
  daycited   = {7}
}

@webpage{chitnis_2017,
  place      = {Trieste},
  title      = {Introduction to \uppercase{SEIR M}odels},
  url        = {http://indico.ictp.it/event/7960/session/3/contribution/19/material/slides/0.pdf},
  journal    = {Workshop on Mathematical Models of Climate Variability, Environmental Change and Infectious Diseases},
  publisher  = {Italy},
  author     = {Chitnis, Nakul},
  year       = {2017},
  month      = {May},
  yearcited  = {2019},
  monthcited = {May},
  daycited   = {14}
}

@book{church2009business,
  title     = {Business site selection, location analysis, and \uppercase{GIS}},
  author    = {Church, Richard L and Murray, Alan T},
  year      = {2009},
  publisher = {Wiley}
}

@techreport{connell2009comparison,
  title       = {Comparison of an agent-based model of disease propagation with the generalised \uppercase{SIR} epidemic model},
  author      = {Connell, Russell and Dawson, Peter and Skvortsov, Alex},
  year        = {2009},
  institution = {Australian Government Defense Science and Technology Organisation}
}

@webpage{csiro_2009,
  title      = {The effectiveness of prophylaxis for measles contacts in \uppercase{NSW}},
  url        = {http://www.publish.csiro.au/nb/NB08014},
  journal    = {New South Wales Public Health Bulletin},
  publisher  = {CSIRO Publishing},
  author     = {Sheppeard, Vicky and Forssman, Bradley and Ferson, Mark J. and Moreira, Conrad and Campbell-Lloyd, Sue and Dwyer, Dominic E. and McAnulty, Jeremy M.},
  year       = {2009},
  month      = {Jun},
  yearcited  = {2019},
  monthcited = {July},
  daycited   = {11}
}

@inbook{czerwonka_2018,
  place     = {Mwanza},
  title     = {Lake \uppercase{V}ictoria \uppercase{C}hallenge \uppercase{Y}ear \uppercase{Z}ero},
  url       = {https://www.lakevictoriachallenge.org/wp-content/uploads/lvc-deck_2_-zipline-ilovepdf-compressed-ilovepdf-compressed.pdf},
  booktitle = {Zipline},
  publisher = {Lake Victoria Challenge},
  author    = {Czerwonka, Dan},
  year      = {2018},
  month     = {Oct}
}

@book{danet_fermon_2013,
  title     = {Management of a measles epidemic},
  publisher = {{\uppercase{M}\'edecins \uppercase{S}ans \uppercase{F}ronti\`eres}},
  author    = {Danet, Corrine and Fermon, Florence},
  year      = {2013},
  url       = {https://medicalguidelines.msf.org/viewport/mme/english/management-of-a-measles-epidemic-30542833.html}
}

@article{dasaklis2017emergency,
  title     = {Emergency supply chain management for controlling a smallpox outbreak: the case for regional mass vaccination},
  author    = {Dasaklis, Thomas K and Rachaniotis, Nikolaos and Pappis, Costas},
  journal   = {International Journal of Systems Science: Operations \& Logistics},
  volume    = {4},
  number    = {1},
  pages     = {27--40},
  year      = {2017},
  publisher = {Taylor \& Francis}
}

@webpage{demographic_dividend,
  title      = {Democratic \uppercase{R}epublic of the \uppercase{C}ongo},
  url        = {http://www.demographicdividend.org/country_highlights/democratic-republic-of-the-congo/},
  journal    = {Demographic Dividend},
  publisher  = {Johns Hopkins Bloomberg School Of Public Health},
  author     = {{Demographic Dividend}},
  yearcited  = {2019},
  monthcited = {August},
  daycited   = {5},
  year       = {2019}
}

@article{driels_shin_2004,
  title   = {Determining the number of iterations for \uppercase{M}onte \uppercase{C}arlo simulations of weapon effectiveness},
  url     = {https://core.ac.uk/download/pdf/36694536.pdf},
  journal = {Institutional \uppercase{A}rchive of the \uppercase{N}aval \uppercase{P}ostgraduate \uppercase{S}chool},
  author  = {Driels, Morris R and Shin, Young S},
  year    = {2004},
  month   = {Apr}
}

@article{dubray2006late,
  title     = {Late vaccination reinforcement during a measles epidemic in \uppercase{N}iamey, \uppercase{N}iger (2003--2004)},
  author    = {Dubray, Christine and Gervelmeyer, Andrea and Djibo, Ali and Jeanne, Isabelle and Fermon, Florence and Soulier, Marie-H{\'e}l{\`e}ne and Grais, Rebecca F and Guerin, Philippe J},
  journal   = {Vaccine},
  volume    = {24},
  number    = {18},
  pages     = {3984--3989},
  year      = {2006},
  publisher = {Elsevier}
}

@article{duijzer2018dose,
  title     = {Dose-optimal vaccine allocation over multiple populations},
  author    = {Duijzer, Lotty E and van Jaarsveld, Willem L and Wallinga, Jacco and Dekker, Rommert},
  journal   = {Production and Operations Management},
  volume    = {27},
  number    = {1},
  pages     = {143--159},
  year      = {2018},
  publisher = {Wiley Online Library}
}

@webpage{dwb_faq_2019,
  title      = {Work in the \uppercase{F}ield \uppercase{FAQ}'s},
  url        = {https://www.msf.org.za/work-with-us/work-field/faq},
  journal    = {M\'edecins Sans Fronti\`eres},
  author     = {{M\'edecins Sans Fronti\`eres}},
  year       = {2019},
  month      = {Apr},
  yearcited  = {2019},
  monthcited = {August},
  daycited   = {3}
}

@article{elzinga_1976,
  title     = {Minimax \uppercase{M}ultifacility \uppercase{L}ocation with \uppercase{E}uclidean \uppercase{D}istances},
  author    = {Elzinga, Jack and Hearn, Donald and Randolph, W. D.},
  journal   = {Transportation Science},
  volume    = {10},
  number    = {4},
  pages     = {321--336},
  year      = {1976},
  publisher = {Informs}
}

@article{feldstein_1973,
  title   = {The resource allocation model},
  volume  = {48},
  journal = {Bulletin of the World Health Organization},
  author  = {Feldstein, Martin S and Piot, M A and Sundaresan, T K},
  year    = {1973},
  pages   = {79–-88}
}

@article{fisher1995vehicle,
  title     = {Vehicle routing},
  author    = {Fisher, Marshall},
  journal   = {Handbooks in operations research and management science},
  volume    = {8},
  pages     = {1--33},
  year      = {1995},
  publisher = {Elsevier}
}

@webpage{giles_2018,
  title      = {Zipline launches the world's fastest commercial delivery drone},
  url        = {https://www.technologyreview.com/s/610735/zipline-launches-the-worlds-fastest-commercial-delivery-drone/},
  journal    = {MIT Technology Review},
  publisher  = {MIT Technology Review},
  author     = {Giles, Martin},
  year       = {2018},
  month      = {Apr},
  yearcited  = {2019},
  monthcited = {April},
  daycited   = {15}
}

@webpage{globalpetrolprices,
  author     = { Neven Valev },
  title      = {Democratic \uppercase{R}epublic of the \uppercase{C}ongo gasoline prices},
  year       = {2019},
  url        = {https://www.globalpetrolprices.com/Democratic-Republic-of-the-Congo/gasoline_prices/},
  journal    = {GlobalPetrolPrices.com},
  yearcited  = {2019},
  monthcited = {September},
  daycited   = {16}
}

@inproceedings{goufo2014fractional,
  title        = {A fractional \uppercase{SEIR} epidemic model for spatial and temporal spread of measles in metapopulations},
  author       = {Goufo, Doungmo and Franc, Emile and Oukouomi Noutchie, Suares Clovis and Mugisha, Stella},
  booktitle    = {Abstract and Applied Analysis},
  volume       = {2014},
  year         = {2014},
  organization = {Hindawi}
}

@article{grais2006exploring,
  title     = {Exploring the time to intervene with a reactive mass vaccination campaign in measles epidemics},
  author    = {Grais, RF and De Radigu{\`e}s, X and Dubray, C and Fermon, F and Guerin, PJ},
  journal   = {Epidemiology \& Infection},
  volume    = {134},
  number    = {4},
  pages     = {845--849},
  year      = {2006},
  publisher = {Cambridge University Press}
}

@article{grais2008time,
  title     = {Time is of the essence: exploring a measles outbreak response vaccination in Niamey, Niger},
  author    = {Grais, Rebecca F and Conlan, Andrew JK and Ferrari, Matthew J and Djibo, Ali and Le Menach, A and Bj{\o}rnstad, Ottar N and Grenfell, Bryan T},
  journal   = {Journal of the Royal Society Interface},
  volume    = {5},
  number    = {18},
  pages     = {67--74},
  year      = {2008},
  publisher = {The Royal Society London}
}

@article{guerra2017basic,
  title     = {The basic reproduction number (R0) of measles: a systematic review},
  author    = {Guerra, Fiona M and Bolotin, Shelly and Lim, Gillian and Heffernan, Jane and Deeks, Shelley L and Li, Ye and Crowcroft, Natasha S},
  journal   = {The Lancet Infectious Diseases},
  volume    = {17},
  number    = {12},
  pages     = {e420--e428},
  year      = {2017},
  publisher = {Elsevier}
}

@article{gwilliam2008burden,
  title   = {The burden of maintenance: roads in sub-Saharan Africa},
  author  = {Gwilliam, Ken and Foster, Vivien and Archondo-Callao, Rodrigo and Brice{\~n}o-Garmendia, Cecilia and Nogales, Alberto and Sethi, Kavita},
  journal = {AICD Background Paper},
  volume  = {14},
  year    = {2008},
  pages   = {4}
}

@article{harris1945nature,
  title     = {The nature of cities},
  author    = {Harris, Chauncy D and Ullman, Edward L},
  journal   = {The Annals of the American Academy of Political and Social Science},
  volume    = {242},
  number    = {1},
  pages     = {7--17},
  year      = {1945},
  publisher = {Sage Publications Sage CA: Thousand Oaks, CA}
}

@article{hethcote1973optimal,
  title     = {Optimal vaccination schedules in a deterministic epidemic model},
  author    = {Hethcote, Herbert W and Waltman, Paul},
  journal   = {Mathematical \uppercase{B}iosciences},
  volume    = {18},
  number    = {3-4},
  pages     = {365--381},
  year      = {1973},
  publisher = {Elsevier}
}

@book{hoyt1939structure,
  title     = {The structure and growth of residential neighborhoods in American cities},
  author    = {Hoyt, Homer},
  year      = {1939},
  publisher = {US Government Printing Office}
}

@webpage{humphreys_2011,
  title      = {Vaccination: rattling the supply chain},
  url        = {https://www.who.int/bulletin/volumes/89/5/11-030511/en/},
  journal    = {World Health Organization},
  publisher  = {World Health Organization},
  author     = {Humphreys, Gary},
  year       = {2011},
  month      = {May},
  yearcited  = {2019},
  monthcited = {April},
  daycited   = {14}
}

@webpage{IDM_2019,
  title      = {\uppercase{SEIR} and \uppercase{SEIRS} models},
  url        = {https://institutefordiseasemodeling.github.io/Documentation/general/model-seir.html},
  journal    = {SEIR and SEIRS models - Generic Model documentation},
  publisher  = {Institute For Disease Modeling},
  author     = {{Institute For Disease Modeling}},
  year       = {2019},
  yearcited  = {2019},
  monthcited = {July},
  daycited   = {12}
}

@webpage{jones_2007,
  title      = {Notes On $\uppercase{R}_{0}$},
  url        = {https://web.stanford.edu/~jhj1/teachingdocs/Jones-on-R0.pdf},
  journal    = {Stanford University},
  publisher  = {Standford University},
  author     = {Jones, James H},
  year       = {2007},
  month      = {May},
  yearcited  = {2019},
  monthcited = {July},
  daycited   = {19}
}

@article{jsmovingfood,
  author    = {Julia Stewart},
  title     = {Moving \uppercase{F}ood},
  journal   = {African Security Review},
  volume    = {12},
  number    = {1},
  pages     = {17-27},
  year      = {2003},
  publisher = {Routledge},
  doi       = {10.1080/10246029.2003.9627567},
  url       = {https://doi.org/10.1080/10246029.2003.9627567}
}

@article{kansagra2012cost,
  title     = {Cost comparison of 2 mass vaccination campaigns against influenza \uppercase{A H1N1} in \uppercase{N}ew \uppercase{Y}ork \uppercase{C}ity},
  author    = {Kansagra, Susan M and McGinty, Meghan D and Morgenthau, Beth Maldin and Marquez, Monica L and Rosselli-Fraschilla, Annmarie and Zucker, Jane R and Farley, Thomas A},
  journal   = {American journal of public health},
  volume    = {102},
  number    = {7},
  pages     = {1378--1383},
  year      = {2012},
  publisher = {American Public Health Association}
}

@article{Kelker1973,
  author    = { Douglas Kelker },
  title     = {A random walk epidemic simulation},
  journal   = {Journal of the \uppercase{A}merican \uppercase{S}tatistical \uppercase{A}ssociation},
  volume    = {68},
  number    = {344},
  pages     = {821--823},
  year      = {1973},
  publisher = {{\uppercase{T}aylor & \uppercase{F}rancis}},
  doi       = {10.1080/01621459.1973.10481430},
  url       = { 
        https://www.tandfonline.com/doi/abs/10.1080/01621459.1973.10481430},
  eprint    = { 
        https://www.tandfonline.com/doi/pdf/10.1080/01621459.1973.10481430
    }
} 

@webpage{kesteloo_2019,
  title      = {UPS and \uppercase{M}atternet are using drones to deliver medical samples},
  url        = {https://dronedj.com/2019/04/01/ups-matternet-drones-to-deliver-medical-samples/},
  journal    = {DroneDJ},
  author     = {Kesteloo, Haye},
  year       = {2019},
  month      = {Apr},
  yearcited  = {2019},
  monthcited = {April},
  daycited   = {14}
}

@article{kolesar1967branch,
  title     = {A branch and bound algorithm for the knapsack problem},
  author    = {Kolesar, Peter J},
  journal   = {Management Science},
  volume    = {13},
  number    = {9},
  pages     = {723--735},
  year      = {1967},
  publisher = {INFORMS}
}

@article{kraemer2019utilizing,
  title     = {Utilizing general human movement models to predict the spread of emerging infectious diseases in resource poor settings},
  author    = {Kraemer, MUG and Golding, N and Bisanzio, D and Bhatt, S and Pigott, DM and Ray, SE and Brady, OJ and Brownstein, JS and Faria, NR and Cummings, DAT and others},
  journal   = {Scientific reports},
  volume    = {9},
  number    = {1},
  pages     = {5151},
  year      = {2019},
  publisher = {Nature Publishing Group}
}

@inbook{larson_odoni_1981,
  place     = {Englewood Cliffs, NJ},
  title     = {Single-\uppercase{D}epot \uppercase{VRP}},
  booktitle = {\uppercase{U}rban \uppercase{O}perations \uppercase{R}esearch},
  publisher = {\uppercase{P}rentice-\uppercase{H}all},
  author    = {Larson, Richard C. and Odoni, Amedeo R.},
  year      = {1981}
}

@article{liu2015role,
  title     = {The role of vaccination coverage, individual behaviors, and the public health response in the control of measles epidemics: an agent-based simulation for \uppercase{C}alifornia},
  author    = {Liu, Fengchen and Enanoria, Wayne TA and Zipprich, Jennifer and Blumberg, Seth and Harriman, Kathleen and Ackley, Sarah F and Wheaton, William D and Allpress, Justine L and Porco, Travis C},
  journal   = {BMC \uppercase{P}ublic \uppercase{H}ealth},
  volume    = {15},
  number    = {1},
  pages     = {447},
  year      = {2015},
  publisher = {Bio\uppercase{M}ed \uppercase{C}entral}
}

@article{longini1988mathematical,
  title     = {A mathematical model for predicting the geographic spread of new infectious agents},
  author    = {Longini Jr, Ira M},
  journal   = {Mathematical \uppercase{B}iosciences},
  volume    = {90},
  number    = {1-2},
  pages     = {367--383},
  year      = {1988},
  publisher = {Elsevier}
}  

@article{matrajt2010optimizing,
  title     = {Optimizing vaccine allocation at different points in time during an epidemic},
  author    = {Matrajt, Laura and Longini Jr, Ira M},
  journal   = {PloS one},
  volume    = {5},
  number    = {11},
  pages     = {e13767},
  year      = {2010},
  publisher = {Public Library of Science}
}

@article{matrajt2013optimal,
  title     = {Optimal vaccine allocation for the early mitigation of pandemic influenza},
  author    = {Matrajt, Laura and Halloran, M Elizabeth and Longini Jr, Ira M},
  journal   = {PLoS Comput Biol},
  volume    = {9},
  number    = {3},
  pages     = {e1002964},
  year      = {2013},
  publisher = {Public Library of Science}
}

@article{mbah2011resource,
  title     = {Resource allocation for epidemic control in metapopulations},
  author    = {Mbah, Martial L Ndeffo and Gilligan, Christopher A},
  journal   = {PLoS one},
  volume    = {6},
  number    = {9},
  pages     = {e24577},
  year      = {2011},
  publisher = {Public Library of Science}
}

@article{mclean1988measles,
  title     = {Measles in developing countries. \uppercase{P}art \uppercase{II}. \uppercase{T}he predicted impact of mass vaccination},
  author    = {McLean, AR and Anderson, RM},
  journal   = {Epidemiology \& Infection},
  volume    = {100},
  number    = {3},
  pages     = {419--442},
  year      = {1988},
  publisher = {Cambridge University Press}
}

@article{medlock2009optimizing,
  title     = {Optimizing influenza vaccine distribution},
  author    = {Medlock, Jan and Galvani, Alison P},
  journal   = {Science},
  volume    = {325},
  number    = {5948},
  pages     = {1705--1708},
  year      = {2009},
  publisher = {American Association for the Advancement of Science}
}

@article{moss2007measles,
  title     = {Measles still has a devastating impact in unvaccinated populations},
  author    = {Moss, William J},
  journal   = {PLoS medicine},
  volume    = {4},
  number    = {1},
  pages     = {e24},
  year      = {2007},
  publisher = {Public Library of Science}
}

@webpage{mount_2017,
  title      = {Greedy \uppercase{A}pproximation \uppercase{A}lgorithms: The k-\uppercase{C}enter \uppercase{P}roblem},
  journal    = {CMSC 451},
  author     = {Mount, Dave},
  year       = {2017},
  month      = {Sep},
  yearcited  = {2019},
  monthcited = {May},
  daycited   = {14}
}

@misc{msf_1999,
  place  = {Paris, France},
  title  = {Management of measles epidemics},
  author = {{\uppercase{M}\'edecins \uppercase{S}ans \uppercase{F}ronti\`eres}},
  year   = {1999}
}

@webpage{msf_2006,
  title      = {\uppercase{DRC}: \uppercase{MSF}'s emergency team fights a measles epidemic in the \uppercase{B}as-\uppercase{C}ongo \uppercase{P}rovince},
  url        = {https://www.msf.org/drc-msfs-emergency-team-fights-measles-epidemic-bas-congo-province},
  journal    = {M\'edecins Sans Fronti\`eres (MSF) International},
  author     = {{M\'edecins Sans Fronti\`eres}},
  year       = {2006},
  month      = {Feb},
  yearcited  = {2019},
  monthcited = {April},
  daycited   = {15}
}

@webpage{msf_2017,
  title      = {\uppercase{DRC}: \uppercase{O}ver one million children vaccinated against measles.},
  url        = {https://www.msf.org.za/stories-news/news-our-projects/drc-over-one-million-children-vaccinated-against-measles},
  journal    = {M\'edecins Sans Fronti\`eres (MSF) International},
  author     = {{M\'edecins Sans Fronti\`eres}},
  year       = {2017},
  month      = {Aug},
  yearcited  = {2019},
  monthcited = {April},
  daycited   = {28}
}

@article{msf_ectc_2018,
  title   = {Evaluation of the stability of the measles vaccine for use in \uppercase{E}xtended \uppercase{C}ontrolled \uppercase{T}emperature \uppercase{C}onditions (\uppercase{ECTC})},
  url     = {https://epicentre.msf.org/sites/default/files/2018-12/13_poster_tang_p.pdf},
  journal = {MSF Access Campaign},
  author  = {Juan, Aitana and Panunzi, Isabella and Alsalhani, Alain and Lambert, Vincent and Barrie, Ibrahim and Van Herp, Michel},
  year    = {2018},
  month   = {Dec}
}

@book{murayama2017urban,
  title     = {Urban Development in Asia and Africa},
  author    = {Murayama, Y{\=u}ji and Kamusoko, Courage and Yamashita, Akio and Estoque, Ronald C},
  year      = {2017},
  publisher = {Springer}
}

@article{murray2015flying,
  title     = {The flying sidekick traveling salesman problem: \uppercase{O}ptimization of drone-assisted parcel delivery},
  author    = {Murray, Chase C and Chu, Amanda G},
  journal   = {Transportation Research Part C: Emerging Technologies},
  volume    = {54},
  pages     = {86--109},
  year      = {2015},
  publisher = {Elsevier}
}

@article{mylius2008optimal,
  title     = {Optimal allocation of pandemic influenza vaccine depends on age, risk and timing},
  author    = {Mylius, Sido D and Hagenaars, Thomas J and Lugn{\'e}r, Anna K and Wallinga, Jacco},
  journal   = {Vaccine},
  volume    = {26},
  number    = {29-30},
  pages     = {3742--3749},
  year      = {2008},
  publisher = {Elsevier}
}

@webpage{owidfertilityrate,
  author     = {Max Roser},
  title      = {Fertility \uppercase{R}ate},
  journal    = {Our World in Data},
  year       = {2019},
  url        = {https://ourworldindata.org/fertility-rate},
  yearcited  = {2019},
  monthcited = {March},
  daycited   = {20}
}

@article{poikonen2017vehicle,
  title     = {The vehicle routing problem with drones: \uppercase{E}xtended models and connections},
  author    = {Poikonen, Stefan and Wang, Xingyin and Golden, Bruce},
  journal   = {Networks},
  volume    = {70},
  number    = {1},
  pages     = {34--43},
  year      = {2017},
  publisher = {Wiley Online Library}
}

@article{poncin2018implementation,
  title     = {Implementation research: reactive mass vaccination with single-dose oral cholera vaccine, \uppercase{Z}ambia},
  author    = {Poncin, Marc and Zulu, Gideon and Voute, Caroline and Ferreras, Eva and Muleya, Clara Mbwili and Malama, Kennedy and Pezzoli, Lorenzo and Mufunda, Jacob and Robert, Hugues and Uzzeni, Florent and others},
  journal   = {Bulletin of the World Health Organization},
  volume    = {96},
  number    = {2},
  pages     = {86},
  year      = {2018},
  publisher = {World Health Organization}
}

@webpage{poot_alimi_cameron_maré_2016,
  title      = {The \uppercase{G}ravity Model of Migration: The Successful Comeback of an Ageing Superstar in Regional Science},
  url        = {http://ftp.iza.org/dp10329.pdf},
  journal    = {\uppercase{IZA} - \uppercase{I}nstitute of \uppercase{L}abor \uppercase{E}conomics},
  publisher  = {\uppercase{D}eutsche \uppercase{P}ost \uppercase{F}oundation},
  author     = {Poot, Jacques and Alimi, Omoniyi and Cameron, Michael P and Maré, David C},
  year       = {2016},
  month      = {Oct},
  yearcited  = {2019},
  monthcited = {August},
  daycited   = {16}
}

@article{ridenhour2014unraveling,
  title     = {Unraveling \uppercase{R}0: \uppercase{C}onsiderations for \uppercase{P}ublic \uppercase{H}ealth \uppercase{A}pplications},
  author    = {Ridenhour, Benjamin and Kowalik, Jessica M and Shay, David K},
  journal   = {American Journal of Public Health},
  volume    = {104},
  number    = {2},
  pages     = {e32--e41},
  year      = {2014},
  publisher = {American Public Health Association}
}

@book{sadh_2015,
  title   = {Cold \uppercase{C}hain and \uppercase{I}mmunisation \uppercase{O}perations \uppercase{M}anual},
  url     = {http://www.health.gov.za/index.php/2014-08-15-12-53-24?download=2573:cold-chain-and-immunisation-operations-manual},
  journal = {Cold Chain and Immunisation Operations Manual},
  author  = {{South African Department of Health}},
  year    = {2015}
}

@inproceedings{scott2017drone,
  title     = {Drone delivery models for healthcare},
  author    = {Scott, Judy and Scott, Carlton},
  booktitle = {Proceedings of the 50th Hawaii international conference on system sciences},
  year      = {2017},
  url       = {http://hdl.handle.net/10125/41557},
  pages     = {3297-3304}
}

@article{selvam_2015,
  title   = {Infection \uppercase{S}pread in a \uppercase{D}iscrete \uppercase{SEIR M}odel},
  author  = {Selvam, George Maria and Priya, Jenifer},
  journal = {International Journal of Advanced Research in
 Computer Science and Software Engineering},
  volume  = {5},
  number  = {7},
  pages   = {752--755},
  year    = {2015}
}


@book{sethi2017climate,
  title     = {Climate change and urban settlements: A spatial perspective of carbon footprint and beyond},
  author    = {Sethi, Mahendra},
  year      = {2017},
  publisher = {Taylor \& Francis}
}

@article{simini2012universal,
  title     = {A universal model for mobility and migration patterns},
  author    = {Simini, Filippo and Gonz{\'a}lez, Marta C and Maritan, Amos and Barab{\'a}si, Albert-L{\'a}szl{\'o}},
  journal   = {Nature},
  volume    = {484},
  number    = {7392},
  pages     = {96},
  year      = {2012},
  publisher = {Nature Publishing Group}
}

@article{soto2009human,
  title     = {Human migration and infectious diseases},
  author    = {Soto, SM},
  journal   = {Clinical Microbiology and Infection},
  volume    = {15},
  pages     = {26--28},
  year      = {2009},
  publisher = {Elsevier}
}

@article{teytelman2013multiregional,
  title     = {Multiregional dynamic vaccine allocation during an influenza epidemic},
  author    = {Teytelman, Anna and Larson, Richard C},
  journal   = {Service Science},
  volume    = {5},
  number    = {3},
  pages     = {197--215},
  year      = {2013},
  publisher = {INFORMS}
}

@webpage{thoubboron_2018,
  title      = {Solar \uppercase{D}rones: \uppercase{W}hat \uppercase{Y}ou \uppercase{N}eed to \uppercase{K}now},
  url        = {https://news.energysage.com/solar-drones-what-you-need-to-know/},
  journal    = {EnergySage},
  publisher  = {EnergySage},
  author     = {Thoubboron, Kerry},
  year       = {2018},
  month      = {Aug},
  yearcited  = {2019},
  monthcited = {April},
  daycited   = {28}
}

@webpage{unicef_2019,
  title      = {Vaccine \uppercase{P}rice \uppercase{D}ata},
  url        = {https://www.unicef.org/supply/index_57476.html},
  journal    = {\uppercase{UNICEF}},
  author     = {\uppercase{UNICEF}},
  year       = {2019},
  month      = {Jul},
  yearcited  = {2019},
  monthcited = {August},
  daycited   = {16}
}

@webpage{unicef_Apex,
  title      = {Vaccine carrier \uppercase{A}pex \uppercase{AIDVC}-24},
  url        = {https://supply.unicef.org/s0002225.html},
  journal    = {Supply \uppercase{C}atalogue},
  publisher  = {\uppercase{UNICEF}},
  author     = {\uppercase{UNICEF}},
  yearcited  = {2019},
  monthcited = {August},
  daycited   = {26},
  year       = {2019}
}

@article{vitoriano2011multi,
  title     = {A multi-criteria optimization model for humanitarian aid distribution},
  author    = {Vitoriano, Bego{\~n}a and Ortu{\~n}o, M Teresa and Tirado, Gregorio and Montero, Javier},
  journal   = {Journal of Global optimization},
  volume    = {51},
  number    = {2},
  pages     = {189--208},
  year      = {2011},
  publisher = {Springer}
}

@article{wanying2016modeling,
  title     = {Modeling the logistics response to a bioterrorist anthrax attack},
  author    = {Wanying, Chen and Alain, Guinet and Angel, Ruiz},
  journal   = {European Journal of Operational Research},
  volume    = {254},
  number    = {2},
  pages     = {458--471},
  year      = {2016},
  publisher = {Elsevier}
}

@book{waugh2000geography,
  title     = {Geography: An integrated approach},
  author    = {Waugh, David},
  year      = {2000},
  publisher = {Nelson Thornes}
}

@webpage{who_2018_coverage,
  title      = {Democratic \uppercase{R}epublic of the \uppercase{C}ongo: \uppercase{WHO} and \uppercase{UNICEF} estimates of immunization coverage: 2017 revision},
  url        = {https://www.who.int/immunization/monitoring_surveillance/data/cod.pdf},
  publisher  = {World \uppercase{H}ealth \uppercase{O}rganisation},
  author     = {{World \uppercase{H}ealth \uppercase{O}rganisation}},
  year       = {2018},
  month      = {Jul},
  yearcited  = {2019},
  monthcited = {August},
  daycited   = {6}
}

@webpage{who_2019,
  title  = {Measles},
  url    = {https://www.who.int/news-room/fact-sheets/detail/measles},
  author = {{World \uppercase{H}ealth \uppercase{O}rganisation}},
  year   = {2019},
  month  = {December}
}

@webpage{who_carriers_2011,
  title      = {Performance, Quality and Safety},
  url        = {https://www.who.int/immunization_standards/vaccine_quality/prequalified_equip/en/},
  author     = {{World \uppercase{H}ealth \uppercase{O}rganisation}},
  journal    = {{World \uppercase{H}ealth \uppercase{O}rganisation}},
  publisher  = {{World \uppercase{H}ealth \uppercase{O}rganisation}},
  year       = {2011},
  month      = {Nov},
  yearcited  = {2019},
  monthcited = {August},
  daycited   = {26}
}

@book{winston2004operations,
  title     = {Operations research: applications and algorithms},
  author    = {Winston, Wayne L and Goldberg, Jeffrey B},
  volume    = {3},
  year      = {2004},
  publisher = {\uppercase{T}homson/\uppercase{B}rooks/\uppercase{C}ole}
}

@article{wolfson2009estimates,
  title     = {Estimates of measles case fatality ratios: a comprehensive review of community-based studies},
  author    = {Wolfson, Lara J and Grais, Rebecca F and Luquero, Francisco J and Birmingham, Maureen E and Strebel, Peter M},
  journal   = {International journal of epidemiology},
  volume    = {38},
  number    = {1},
  pages     = {192--205},
  year      = {2009},
  publisher = {Oxford University Press}
}

@article{world2017measles,
  title   = {Measles vaccines: \uppercase{WHO} position paper - \uppercase{A}pril 2017},
  author  = {{World Health Organisation}},
  journal = {Weekly Epidemiological Record},
  volume  = {92},
  number  = {17},
  pages   = {205--228},
  year    = {2017}
}

@webpage{worldhealthorganization_2018,
  author     = {{World Health Organisation}},
  title      = {Immunization \uppercase{C}overage},
  url        = {https://www.who.int/news-room/fact-sheets/detail/immunization-coverage},
  journal    = {World Health Organization},
  publisher  = {World Health Organization},
  year       = {2018},
  month      = {Jul},
  yearcited  = {2019},
  monthcited = {April},
  daycited   = {14}
}

@article{zaric_2002,
  author  = {Zaric, Gregory S. and Brandeau, Margaret L.},
  title   = {{Dynamic resource allocation for epidemic control in multiple populations}},
  journal = {Mathematical Medicine and Biology: A Journal of the IMA},
  volume  = {19},
  number  = {4},
  pages   = {235--255},
  year    = {2002},
  month   = {12},
  issn    = {1477-8599},
  doi     = {10.1093/imammb/19.4.235},
  url     = {https://doi.org/10.1093/imammb/19.4.235},
  eprint  = {https://academic.oup.com/imammb/article-pdf/19/4/235/2260571/dqg002.pdf}
}

@article{zaric2001resource,
  title     = {Resource allocation for epidemic control over short time horizons},
  author    = {Zaric, Gregory S and Brandeau, Margaret L},
  journal   = {Mathematical Biosciences},
  volume    = {171},
  number    = {1},
  pages     = {33--58},
  year      = {2001},
  publisher = {Elsevier}
}

@webpage{zipline_impact,
  title  = {Our \uppercase{I}mpact},
  url    = {https://flyzipline.com/impact/},
  author = {Zipline},
  year   = {2019}
}